@inproceedings{bantupalli2018american,
  title={American Sign Language Recognition using Deep Learning and Computer Vision},
  author={Bantupalli, K and Xie, Y},
  booktitle={2018 IEEE International Conference on Big Data (Big Data)},
  pages={4896--4899},
  year={2018},
  organization={IEEE},
}

@inproceedings{dutta2017machine,
  title={Machine Learning Techniques for Indian Sign Language Recognition},
  author={Dutta, KK and Bellary, SAS},
  booktitle={2017 International Conference on Current Trends in Computer, Electrical, Electronics and Communication (CTCEEC)},
  pages={333--336},
  year={2017},
  organization={IEEE},
}

@inproceedings{gupta2016k,
  title={K-nearest correlated neighbor classification for Indian sign language gesture recognition using feature fusion},
  author={Gupta, B and Shukla, P and Mittal, A},
  booktitle={2016 International Conference on Computer Communication and Informatics},
  pages={1--5},
  year={2016},
  organization={IEEE},
}

@inproceedings{he2019research,
  title={Research of a Sign Language Translation System Based on Deep Learning},
  author={He, S},
  booktitle={2019 International Conference on Artificial Intelligence and Advanced Manufacturing (AIAM)},
  pages={392--396},
  year={2019},
  organization={IEEE},
}

@inproceedings{kar2015approach,
  title={An Approach for Minimizing the Time Taken by Video Processing for Translating Sign Language to Simple Sentence in English},
  author={Kar, A and Chatterjee, PS},
  booktitle={2015 International Conference on Computational Intelligence and Networks},
  pages={172--177},
  year={2015},
  organization={IEEE},
}

@inproceedings{sincan2019isolated,
  title={Isolated Sign Language Recognition with Multi-scale Features using LSTM},
  author={Sincan, Mercanoglu and Tur, O and O, A and Keles, Yalim and H},
  booktitle={27th Signal Processing and Communications Applications Conference (SIU)},
  pages={1--4},
  year={2019},
  organization={IEEE},
}

@inproceedings{pahuja2020recognition,
  title={Recognition of Sign Language Symbols using Templates},
  author={Pahuja, D and Jain, S},
  booktitle={2020 8th International Conference on Reliability, Infocom Technologies and Optimization (Trends and Future Directions) (ICRITO)},
  pages={1157--1160},
  year={2020},
  organization={IEEE},
}

@inproceedings{sarma2021real,
  title={Real-Time Indian Sign Language Recognition System using YOLOv3 Model},
  author={Sarma, N and Talukdar, AK and Sarma, KK},
  booktitle={2021 Sixth International Conference on Image Information Processing (ICIIP)},
  pages={445--449},
  year={2021},
  organization={IEEE},
}
@inproceedings{suharjito2018efficiency,
title={The Efficiency of Sign Language Recognition using 3D Convolutional Neural Networks},
author={Suharjito, Gunawan and Thiracitta, H and Nugroho, N and A},
booktitle={15th International Conference on Electrical Engineering/Electronics, Computer, Telecommunications and Information Technology (ECTI-CON)},
pages={70--73},
year={2018},
}

@inproceedings{sulfayanti2018sign,
title={Sign Language Recognition Using Modified Convolutional Neural Network Model},
author={Sulfayanti, Dewiani and Armin, Lawi},
booktitle={2018 Indonesian Association for Pattern Recognition International Conference (INAPR)},
pages={1--5},
year={2018},
}

@inproceedings{takayama2020data,
title={Data Augmentation Using Feature Interpolation of Individual Words for Compound Word Recognition of Sign Language},
author={Takayama, N and Takahashi, H},
booktitle={2020 International Conference on Cyberworlds (CW)},
pages={137--140},
year={2020},
}

@inproceedings{tornay2020towards,
title={Towards Multilingual Sign Language Recognition},
author={Tornay, S and Razavi, M and Magimai-Doss},
booktitle={ICASSP 2020-2020 IEEE International Conference on Acoustics, Speech and Signal Processing},
pages={6309--6313},
year={2020},
}

@inproceedings{yan2019research,
title={Research on Dynamic Sign Language Algorithm Based on Sign Language Trajectory and Key Frame Extraction},
author={Yan, Y and Li, Z and Tao, Q and Liu, C and Zhang, R},
booktitle={2019 IEEE 2nd International Conference on Electronics Technology (ICET)},
pages={509--514},
year={2019},
}

@inproceedings{zhao2018application,
title={The Application of Convolution Neural Networks in Sign Language Recognition},
author={Zhao, Y and Wang, L},
booktitle={2018 Ninth International Conference on Intelligent Control and Information Processing},
pages={269--272},
year={2018},
}

@incollection{patil2020ai,
title={AI-Enabled Real-Time Sign Language Translator},
author={Patil, Y and Krishnadas, S and Kastwar, A and Kulkarni, S},
booktitle={Soft Computing: Theories and Applications},
pages={1--15},
year={2020},
publisher={Springer}
}

@inproceedings{badhe2015indian,
title={Indian sign language translator using gesture recognition algorithm},
author={Badhe, C and Kulkarni, V},
booktitle={2015 IEEE International Conference on Computer Graphics, Vision and Information Security (CGVIS)},
pages={195--200},
year={2015},
}

@inproceedings{starner1995real,
title={Real-time American Sign Language recognition from video using hidden Markov models},
author={Starner, T and Pentland},
booktitle={Proceedings of International Symposium on Computer Vision},
year={1995},
month={11},
day={23},
}
@inproceedings{vogler1995adapting,
  title={Adapting hidden Markov models for ASL recognition by using three-dimensional computer vision methods},
  author={Vogler, Christian and Metaxas, Dimitris},
  booktitle={IEEE International Conference on Computational Cybernetics and Simulation},
  year={1995}
}

@article{nagarajan2012static,
  title={Static Hand Gesture Recognition for Sign Language Alphabets using Edge Oriented Histogram and Multi Class SVM},
  author={Nagarajan, S and Subashini},
  journal={International Journal of Computer Applications},
  volume={82},
  year={2012}
}

@inproceedings{dabre2014machine,
  title={Machine learning model for sign language interpretation using webcam images},
  author={Dabre, Kanchan and Dholay, Surekha},
  booktitle={Proceedings of 2014 International Conference on Computing, Communication and Networking Technologies (ICCCNT)},
  year={2014}
}

@inproceedings{priyanka2011real,
  title={Real-time sign language recognition based on neural network architecture},
  author={Priyanka and Mekala and Ying and Gao, Jeffrey and Fan, A Davari},
  booktitle={Proceedings of the Annual Southeastern Symposium on System Theory},
  year={2011}
}